<record><leader>00000cas a2200000 a 4500</leader><controlfield tag="001">29530782</controlfield><controlfield tag="008">931220d18561857cauwr ne      0    0eng c</controlfield><datafield ind1=" " ind2=" " tag="010"><subfield code="a">sn 93053243 </subfield></datafield><datafield ind1=" " ind2=" " tag="040"><subfield code="a">CNK</subfield><subfield code="b">eng</subfield><subfield code="c">CNK</subfield><subfield code="d">OCL</subfield><subfield code="d">CNK</subfield><subfield code="d">OCLCQ</subfield><subfield code="d">OCLCF</subfield><subfield code="d">OCLCO</subfield></datafield><datafield ind1=" " ind2=" " tag="042"><subfield code="a">pcc</subfield></datafield><datafield ind1=" " ind2=" " tag="043"><subfield code="a">n-us-ca</subfield></datafield><datafield ind1="0" ind2=" " tag="130"><subfield code="a">Trinity journal (Weaverville, Calif. : 1856)</subfield></datafield><datafield ind1="1" ind2="4" tag="245"><subfield code="a">The Trinity journal.</subfield></datafield><datafield ind1=" " ind2=" " tag="260"><subfield code="a">Weaverville, Trinity County, Cal. :</subfield><subfield code="b">Seaman &amp; Gordon</subfield></datafield><datafield ind1=" " ind2=" " tag="300"><subfield code="a">v.</subfield></datafield><datafield ind1=" " ind2=" " tag="310"><subfield code="a">Weekly</subfield></datafield><datafield ind1="0" ind2=" " tag="362"><subfield code="a">Vol. 1, no. 1 (Jan. 26, 1856)-v. 2, no. 3 (Feb. 7, 1857).</subfield></datafield><datafield ind1=" " ind2=" " tag="530"><subfield code="a">Master negatives are available for duplication from:</subfield><subfield code="b">California Newspaper Microfilm Archive;</subfield><subfield code="c">positive copies may be purchased by the reel; for further information consult the CNMA at:</subfield><subfield code="u">http://cbsr.ucr.edu</subfield></datafield><datafield ind1=" " ind2="0" tag="651"><subfield code="a">Trinity County (Calif.)</subfield><subfield code="v">Newspapers.</subfield></datafield><datafield ind1=" " ind2="0" tag="651"><subfield code="a">Weaverville (Calif.)</subfield><subfield code="v">Newspapers.</subfield></datafield><datafield ind1=" " ind2="7" tag="655"><subfield code="a">Newspapers.</subfield><subfield code="2">fast</subfield><subfield code="0">(OCoLC)fst01423814</subfield></datafield><datafield ind1=" " ind2="7" tag="651"><subfield code="a">California</subfield><subfield code="z">Trinity County.</subfield><subfield code="2">fast</subfield><subfield code="0">(OCoLC)fst01215709</subfield></datafield><datafield ind1=" " ind2="7" tag="651"><subfield code="a">California</subfield><subfield code="z">Weaverville.</subfield><subfield code="2">fast</subfield><subfield code="0">(OCoLC)fst01218800</subfield></datafield><datafield ind1=" " ind2=" " tag="752"><subfield code="a">United States</subfield><subfield code="b">California</subfield><subfield code="c">Trinity</subfield><subfield code="d">Weaverville.</subfield></datafield><datafield ind1="0" ind2="5" tag="780"><subfield code="t">Trinity times</subfield><subfield code="w">(DLC)sn 85025203</subfield></datafield><datafield ind1="0" ind2="0" tag="785"><subfield code="t">Weekly Trinity journal</subfield><subfield code="w">(DLC)sn 85025202</subfield></datafield></record>